<?xml version="1.0" encoding="UTF-8"?>
<record xmlns="http://www.loc.gov/MARC21/slim">
   <leader>01583cam a2200349M  4500</leader>
   <controlfield tag="001">2762689</controlfield>
   <controlfield tag="003">NjP</controlfield>
   <controlfield tag="005">20190705144748.0</controlfield>
   <controlfield tag="008">831109m19509999iq            000 0 arard</controlfield>
   <datafield tag="024" ind1="7" ind2=" ">
      <subfield code="a">princeton_aco004830</subfield>
      <subfield code="2">local</subfield>
   </datafield>
   <datafield ind1=" " ind2=" " tag="010">
      <subfield code="a">ne 68000147 </subfield>
   </datafield>
   <datafield ind1=" " ind2=" " tag="035">
      <subfield code="9">CNF7653TS</subfield>
   </datafield>
   <datafield ind1=" " ind2=" " tag="035">
      <subfield code="a">(NjP)2762689</subfield>
   </datafield>
   <datafield ind1=" " ind2=" " tag="040">
      <subfield code="a">EYM</subfield>
      <subfield code="c">PUL</subfield>
      <subfield code="d">PUL</subfield>
   </datafield>
   <datafield ind1=" " ind2=" " tag="049">
      <subfield code="a">PULL</subfield>
   </datafield>
   <datafield ind1=" " ind2="4" tag="050">
      <subfield code="a">DS63</subfield>
      <subfield code="b">.S535</subfield>
   </datafield>
   <datafield ind1=" " ind2=" " tag="035">
      <subfield code="a">(OCoLC)ocm23510165</subfield>
   </datafield>
   <datafield ind1="1" ind2=" " tag="100">
      <subfield code="6">880-01</subfield>
      <subfield code="a">Shaykh ʻAlī, ʻAlī Maḥmūd,</subfield>
      <subfield code="d">1901-1968.</subfield>
      <subfield code="0">http://id.loc.gov/authorities/names/n86099938</subfield>
   </datafield>
   <datafield ind1="1" ind2="0" tag="245">
      <subfield code="6">880-02</subfield>
      <subfield code="a">Ārā' fī al-qaḍīyah al-ʻArabīyah wa-dhikrayāt ʻanhā /</subfield>
      <subfield code="c">[ta'līf] ʻAlī Maḥmūd al-Shaykh ʻAlī.</subfield>
   </datafield>
   <datafield ind1=" " ind2=" " tag="260">
      <subfield code="6">880-03</subfield>
      <subfield code="a">Badhdād,</subfield>
      <subfield code="b">Maṭbaʻat al-Saʻdī,</subfield>
      <subfield code="c">[1950-</subfield>
   </datafield>
   <datafield ind1=" " ind2=" " tag="300">
      <subfield code="a">v. ;</subfield>
      <subfield code="c">25 cm.</subfield>
   </datafield>
   <datafield ind1=" " ind2="0" tag="650">
      <subfield code="a">Nationalism</subfield>
      <subfield code="z">Arab countries</subfield>
      <subfield code="0">http://id.loc.gov/authorities/subjects/sh2008108266</subfield>
   </datafield>
   <datafield ind1=" " ind2="0" tag="650">
      <subfield code="a">Political science</subfield>
      <subfield code="0">http://id.loc.gov/authorities/subjects/sh85104440</subfield>
   </datafield>
   <datafield ind1=" " ind2="0" tag="651">
      <subfield code="a">Arab countries</subfield>
      <subfield code="x">Politics and government.</subfield>
      <subfield code="0">http://id.loc.gov/authorities/subjects/sh85006285</subfield>
   </datafield>
   <datafield ind1="0" ind2=" " tag="740">
      <subfield code="6">880-04</subfield>
      <subfield code="a">Fī al-qaḍīyah al-ʻArabīyah.</subfield>
   </datafield>
   <datafield ind1="1" ind2=" " tag="880">
      <subfield code="6">100-01/r</subfield>
      <subfield code="a">شيخ علي، علي محمود،</subfield>
      <subfield code="d">1901-1968.</subfield>
   </datafield>
   <datafield ind1="1" ind2="0" tag="880">
      <subfield code="6">245-02/r</subfield>
      <subfield code="a">آرا' في القضية العربية وذكريات عنها /</subfield>
      <subfield code="c">[ت'ليف] علي محمود الشيخ علي.</subfield>
   </datafield>
   <datafield ind1=" " ind2=" " tag="880">
      <subfield code="6">260-03/r</subfield>
      <subfield code="a">بذداد،</subfield>
      <subfield code="b">مطبعة السعدي،</subfield>
      <subfield code="c">[1950-</subfield>
   </datafield>
   <datafield ind1="0" ind2=" " tag="880">
      <subfield code="6">740-04/r</subfield>
      <subfield code="a">في القضية العربية.</subfield>
   </datafield>
   <datafield ind1=" " ind2=" " tag="911">
      <subfield code="a">20000130</subfield>
   </datafield>
   <datafield ind1=" " ind2=" " tag="994">
      <subfield code="a">C0</subfield>
      <subfield code="b">PUL</subfield>
   </datafield>
   <datafield ind1=" " ind2=" " tag="999">
      <subfield code="a">2762689</subfield>
   </datafield>
   <datafield ind1=" " ind2=" " tag="979">
      <subfield code="a">(OCoLC)ocn178319682</subfield>
   </datafield>
   <datafield ind1="8" ind2="1" tag="852">
      <subfield code="0">3073472</subfield>
      <subfield code="b">rcppa</subfield>
      <subfield code="t">1</subfield>
      <subfield code="h">2274.876564.S89.312</subfield>
      <subfield code="x">tr fr f</subfield>
   </datafield>
   <datafield ind1=" " ind2="0" tag="866">
      <subfield code="0">3073472</subfield>
      <subfield code="8">0</subfield>
      <subfield code="a">v.1</subfield>
   </datafield>
   <datafield ind1=" " ind2=" " tag="959">
      <subfield code="a">2011-02-09 17:05:53 -0400</subfield>
   </datafield>
</record>
